@article{hardt2021patterns,
  title={Patterns, predictions, and actions: A story about machine learning},
  author={Hardt, Moritz and Recht, Benjamin},
  journal={arXiv preprint arXiv:2102.05242},
  year={2021}
}

@article{bickel1975sex,
  title={Sex Bias in Graduate Admissions: Data from Berkeley: Measuring bias is harder than is usually assumed, and the evidence is sometimes contrary to expectation.},
  author={Bickel, Peter J and Hammel, Eugene A and O'Connell, J William},
  journal={Science},
  volume={187},
  number={4175},
  pages={398--404},
  year={1975},
  publisher={American Association for the Advancement of Science}
}


@article{ng2000cs229,
  title={CS229 Lecture notes},
  author={Ng, Andrew},
  journal={CS229 Lecture notes},
  volume={1},
  number={1},
  pages={1--3},
  year={2000}
}
